@string{IEEE = "{Institute of Electronic and Electrical Engineers (IEEE)}"}
@string{NSDI = "Proc. Networked Systems Design and Implementation"}
%
% Theses
%

@INPROCEEDINGS{ref:paper1,
  author={ {Linqi Guo} and J. {Pang} and A. {Walid}},
  booktitle={2016 IEEE 24th International Conference on Network Protocols (ICNP)}, 
  title={Dynamic Service Function Chaining in SDN-enabled networks with middleboxes}, 
  year={2016},
  volume={},
  number={},
  pages={1-10},}
  
  
@article{ref:paper2,
  title={Resource aware routing for service function chains in SDN and NFV-enabled network},
  author={Hong, Peilin and Xue, Kaiping and Li, Defang and others},
  journal={IEEE Transactions on Services Computing},
  year={2018},
  publisher={IEEE}
}


@article{ref:fat-tree,
  title={A scalable, commodity data center network architecture},
  author={Al-Fares, Mohammad and Loukissas, Alexander and Vahdat, Amin},
  journal={ACM SIGCOMM computer communication review},
  volume={38},
  number={4},
  pages={63--74},
  year={2008},
  publisher={ACM New York, NY, USA}
}

@misc{ref:coronus,
  title = "Optical Network Design and Planning.",
  note="\url{http://www.monarchna.com/topology.html}",
}

@misc{ref:gitimpl, 
 title = "Implementation of this Project.",
 note="\url{https://github.com/sakshi2894/cs740}",
}